@misc{mainKnapsack,
  author   = {Ernst-Peter Beisel},
  title    = {Verfahren zur Lösung von 0-1-Rucksack Problemen},
  subtitle = {Theorie und Implementierung},
  school   = {Bergische Universität Wuppertal},
  year     = {2010},
  url      = {http://www2.math.uni-wuppertal.de/~beisel/Rucksack/mainKnapsack.pdf},
  urldate  = {2022-06-21}
}

@book{scheiterhauer2008,
  author    = {Guntram Scheiterhauer},
  editor    = {Ulrich Sandten \& Kerstin Hoffmann},
  publisher = {Vieweg+Teubner},
  title     = {Zuschnitt- und Packungsoptimierung},
  subtitle  = {Problemstellungen, Modellierungstechniken, Lösungsmethoden},
  year      = {2008},
  isbn      = {978-3-8351-0215-6}
}

@misc{paper102,
  author  = {Maya Hristakeva \& Dipti Shrestha},
  school  = {Simpson College},
  title   = {Different Approaches to Solve the 0/1 Knapsack Problem},
  url     = {http://micsymposium.org/mics_2005/papers/paper102.pdf},
  urldate = {2022-06-23}
}

@book{KombinatorischeOptimierung,
 year = {2018},
 title = {Kombinatorische Optimierung},
 address = {Berlin, Heidelberg},
 publisher = {{Springer Berlin Heidelberg}},
 isbn = {978-3-662-57690-8},
 editor = {Korte, Bernhard and Vygen, Jens},
 doi = {10.1007/978-3-662-57691-5}
}